@article{Guo:2008:MOR,
    title = "Mesh-Guided Optimized Retexturing for Image and Video",
    author = "Yanwen Guo and Hanqiu Sun and Qunsheng Peng and Zhongding Jiang",
    journal = "IEEE Transactions on Visualization and Computer Graphics",
    volume = 14,
    number = 2,
    month = mar # "\slash " # apr, 
    year = 2008,
    pages = "426--439",
  }

@inproceedings{Alexa:2007:ETE,
    title = "Extracting the Essence from Sets of Images",
    author = "Marc Alexa",
    booktitle = "Eurographics Symposium on Computational Aesthetics in Graphics, Visualization
        and Imaging",
    month = jun, 
    year = 2007,
    pages = "113--120",
  }
  
    @inproceedings{Oka:1987:RMO,
    title = "Real-Time Manipulation of Texture-Mapped Surfaces",
    author = "Masaaki Oka and Kyoya Tsutsui and Akio Ohba and Yoshitaka Kurauchi and Takashi
        Tago",
    booktitle = "Computer Graphics (Proceedings of SIGGRAPH 87)",
    month = jul, 
    year = 1987,
    pages = "181--188",
  }
  
  @INPROCEEDINGS{990496, 
author={Lifeng Wang and Sing Bing Kang and Szeliski, R. and Heung-Yeung Shum}, 
booktitle={Computer Vision and Pattern Recognition, 2001. CVPR 2001. Proceedings of the 2001 IEEE Computer Society Conference on}, 
title={Optimal texture map reconstruction from multiple views}, 
year={2001}, 
month={}, 
volume={1}, 
pages={I-347-I-354 vol.1}, 
keywords={feature extraction;image reconstruction;image sampling;image texture;optimisation;rendering (computer graphics);3D model recovery;3D shape extraction;IBR;Lambertian surfaces;VDTM;anisotropy;computer vision techniques;foreshortened surface;image based rendering technique;linear combination;local weights;multiple reference images;multiple views;optimal texture construction;optimal texture map reconstruction;reference textures;sampling theory;spatial image sampling;texture projection;variable spatial image sampling;view-dependent texture mapping;Anisotropic magnetoresistance;Computer vision;Image analysis;Image reconstruction;Image sampling;Image texture analysis;Rendering (computer graphics);Shape;Surface reconstruction;Surface texture}, 
doi={10.1109/CVPR.2001.990496}, 
ISSN={1063-6919},}