@inproceedings{KinectFusion,
	author = {Newcombe, Richard A. and others},
	journal = {Mixed and auagmented reality (ISMAR), 2011 10th IEEE international symposium on. IEEE, 2011},
	location = {http://redwood.berkeley.edu/bruno/3DFM/kinect-fusion-IEEE.pdf},
	title = {{KinectFusion: Real-time dense surface mapping and tracking.}},
	year = {2011}
}

@techreport{Taguchi,
	author = {Taguchi, Yuichi and Jian, Yong-Dian and Ramalingam, Srikumar and Feng, Chen},
	location = {http://www.cc.gatech.edu/~yjian6/publication/taguchi2013icra.pdf},
	organization = {Mitsubishi Electric Research Labs},
	school = {Georgia Institute of Technology, University of Michigan},
	title = {{Point-Plane SLAM for Hand-Held 3D Sensors}}
}

@article{Endres,
	author = {Endres, Felix and others},
	journal = {Robotics and Automation (ICRA), 2012 IEEE International Conference on.},
	location = {https://www.google.com/url?sa=t\&rct=j\&q=\&esrc=s\&source=web\&cd=1\&cad=rja\&ved=0CDEQFjAA\&url=http\%3A\%2F\%2Fvision.in.tum.de\%2F\_media\%2Fspezial\%2Fbib\%2Fendres12icra.pdf\&ei=mAEmUtrkKbK5sQSy4oCgAw\&usg=AFQjCNEJgauHEKqNQbiPCgkcVbNY3TisjQ\&sig2=1R\_uZm-8lQLIun1xpEE4\_A},
	publisher = {IEEE},
	title = {{An Evaluation of the RGB-D SLAM System}},
	year = {2012}
}

@article{topoReg2012,
	author = {Morten Bojsen-Hansen and Hao Li and Chris Wojtan},
	title = {Tracking Surfaces with Evolving Topology},
	journal = {ACM Transactions on Graphics (SIGGRAPH 2012)},
	year = {2012},
	month = jul,
	volume = {31},
	number = {4},
	pages = {53:1--53:10}
}


@inproceedings{planesegmentationQTB,
	author = {Lingni Ma and R. Favier and Luat Do and E. Bondarev and P.H.N. de With},
	booktitle = {Consumer Communications and Networking Conference (CCNC), 2013 IEEE},
	doi = {10.1109/CCNC.2013.6488423},
	keywords = {image enhancement; image reconstruction; trees (mathematics); 3D environment reconstruction; 3D models; efficiency 20 percent to 50 percent; flatness-based segmentation algorithm; large plane data processing; large-scale environment reconstruction; memory-efficient system; point cloud plane decimation; point cloud plane segmentation; professional engineering applications; quadtree-based algorithm; three-dimensional models; decimation; plane detection; point cloud; surface reconstruction; triangulation},
	month = {Jan},
	pages = {43--49},
	title = {Plane segmentation and decimation of point clouds for 3D environment reconstruction},
	year = {2013}
}