@inproceedings{octomap,
	address = {USA},
	author = {Wurm, K. M. and Hornung, A. and Bennewitz, M and Stachniss, C. and Burgard, W.},
	booktitle = {{Proc. of the ICRA 2010 Workshop on Best Practice in 3D Perception and Modeling for Mobile Manipulation}},
	howpublished = {[Online http://ais.informatik.uni-freiburg.de/publications/papers/wurm10octomap.pdf]},
	month = {May},
	title = {{OctoMap: A probabilistic, flexible, and compact 3D map representation for robotic systems.}},
	year = {2010}
}

@article{quadrocopterslam,
	author = {Sturma, J and Bylowb, E and Kerla, C and Kahlb, F and Cremersa, D},
	title = {Dense tracking and mapping with a quadrocopter}
}

@inproceedings{fastvoxelmaps,
	author = {Ryde, Julian and Corso, Jason J},
	booktitle = {Intelligent Robots and Systems (IROS), 2012 IEEE/RSJ International Conference on},
	organization = {IEEE},
	pages = {4413--4418},
	title = {Fast voxel maps with counting bloom filters},
	year = {2012}
}

@inproceedings{nuchter:kdtree,
	author = {N\"{u}chter, A. and Lingemann, K. and Hertzberg, J.},
	booktitle = {Proceedings of the 6th IEEE international Conference on Recent Advances in 3D Digital Imaging and Modeling (3DIM '07)},
	month = {August},
	pages = {419-426},
	title = {Cached k-d tree search for ICP algorithms},
	year = {2007}
}

@proceedings{whelan:odometry,
	author = {Whelan, Thomas and Johannsson, Hordur and Kaess, Michael and Leonard, John J. and McDonald, John},
	isbn = {978-1-4673-5641-1},
	issn = {1050-4729},
	month = {May},
	booktitle={Robotics and Automation (ICRA), 2013 IEEE International Conference on}, 
	title={Robust real-time visual odometry for dense RGB-D mapping},
	year = {2013},
	pages={5724-5731}, 
	keywords={SLAM (robots);cameras;distance measurement;image colour analysis;robot vision;GPU;Kintinuous algorithm;RGB-D camera pose tracking;SLAM pose-graph optimisation;advanced fused real-time surface coloring;dense RGB-D mapping;dense fully colored models;multiple 6DOF camera odometry estimation methods;robotics;robust real-time visual odometry;robust tracking;spatially extended KinectFusion;virtual reality applications;Cameras;Color;Graphics processing units;Image color analysis;Instruction sets;Iterative closest point algorithm;Visualization}, 
doi={10.1109/ICRA.2013.6631400}
}

