@inproceedings{holzer2012adaptive,
  title={Adaptive neighborhood selection for real-time surface normal estimation from organized point cloud data using integral images},
  author={Holzer, Stefan and Rusu, Radu Bogdan and Dixon, M and Gedikli, Suat and Navab, Nassir},
  booktitle={Intelligent Robots and Systems (IROS), 2012 IEEE/RSJ International Conference on},
  pages={2684--2689},
  year={2012},
  organization={IEEE}
}

@incollection{arques2006real,
  title={Real time image segmentation using an adaptive thresholding approach},
  author={Arques, Pilar and Aznar, F and Pujol, M and Rizo, Ram{\'o}n},
  booktitle={Current Topics in Artificial Intelligence},
  pages={389--398},
  year={2006},
  publisher={Springer}
}

@article{podlozhnyuk2007image,
  title={Image convolution with CUDA},
  author={Podlozhnyuk, Victor},
  journal={NVIDIA Corporation white paper, June},
  volume={2097},
  number={3},
  year={2007}
}

@inproceedings{bilgic2010efficient,
  title={Efficient integral image computation on the GPU},
  author={Bilgic, Berkin and Horn, Berthold KP and Masaki, Ichiro},
  booktitle={Intelligent Vehicles Symposium (IV), 2010 IEEE},
  pages={528--533},
  year={2010},
  organization={IEEE}
}

@article{khoshelham2012accuracy,
  title={Accuracy and resolution of kinect depth data for indoor mapping applications},
  author={Khoshelham, Kourosh and Elberink, Sander Oude},
  journal={Sensors},
  volume={12},
  number={2},
  pages={1437--1454},
  year={2012},
  publisher={Molecular Diversity Preservation International}
}

@article{mitra2004estimating,
  title={Estimating surface normals in noisy point cloud data},
  author={Mitra, Niloy J and Nguyen, An and Guibas, Leonidas},
  journal={International Journal of Computational Geometry \& Applications},
  volume={14},
  number={04n05},
  pages={261--276},
  year={2004},
  publisher={World Scientific}
}

@inproceedings{spinello2011people,
  title={People detection in rgb-d data},
  author={Spinello, Luciano and Arras, Kai Oliver},
  booktitle={Intelligent Robots and Systems (IROS), 2011 IEEE/RSJ International Conference on},
  pages={3838--3843},
  year={2011},
  organization={IEEE}
}

@incollection{abramov2011real,
  title={Real-time image segmentation on a GPU},
  author={Abramov, Alexey and Kulvicius, Tomas and W{\"o}rg{\"o}tter, Florentin and Dellen, Babette},
  booktitle={Facing the multicore-challenge},
  pages={131--142},
  year={2011},
  publisher={Springer}
}

@misc{dakkak2012recovering,
  title={Recovering Missing Depth Information from Microsoft’s Kinect},
  author={Dakkak, Abdul and Husain, Ammar},
  year={2012},
  publisher={Carnegie Mellon University's}
}

@inproceedings{xia2011human,
  title={Human detection using depth information by kinect},
  author={Xia, Lu and Chen, Chia-Chih and Aggarwal, JK},
  booktitle={Computer Vision and Pattern Recognition Workshops (CVPRW), 2011 IEEE Computer Society Conference on},
  pages={15--22},
  year={2011},
  organization={IEEE}
}

@article{pichelparallel,
  title={A Parallel Framework for Image Segmentation Using Region Based Techniques},
  author={Pichel, Juan C and Singh, David E and Rivera, Francisco F}
}

@incollection{holz2012real,
  title={Real-time plane segmentation using RGB-D cameras},
  author={Holz, Dirk and Holzer, Stefan and Rusu, Radu Bogdan and Behnke, Sven},
  booktitle={RoboCup 2011: Robot Soccer World Cup XV},
  pages={306--317},
  year={2012},
  publisher={Springer}
}

@inproceedings{pham2005separable,
  title={Separable bilateral filtering for fast video preprocessing},
  author={Pham, Tuan Q and Van Vliet, Lucas J},
  booktitle={Multimedia and Expo, 2005. ICME 2005. IEEE International Conference on},
  pages={4--pp},
  year={2005},
  organization={IEEE}
}

@article{pulsinelli1979new,
  title={A new model of bilateral hemispheric ischemia in the unanesthetized rat.},
  author={Pulsinelli, William A and Brierley, JAMES B},
  journal={Stroke},
  volume={10},
  number={3},
  pages={267--272},
  year={1979},
  publisher={Am Heart Assoc}
}

@article{rabbani2006segmentation,
  title={Segmentation of point clouds using smoothness constraint},
  author={Rabbani, Tahir and van den Heuvel, Frank and Vosselmann, G},
  journal={International Archives of Photogrammetry, Remote Sensing and Spatial Information Sciences},
  volume={36},
  number={5},
  pages={248--253},
  year={2006}
}

@inproceedings{wassenberg2009efficient,
  title={An efficient parallel algorithm for graph-based image segmentation},
  author={Wassenberg, Jan and Middelmann, Wolfgang and Sanders, Peter},
  booktitle={Computer Analysis of Images and Patterns},
  pages={1003--1010},
  year={2009},
  organization={Springer}
}