@inproceedings{muja2009fast,
  title={Fast Approximate Nearest Neighbors with Automatic Algorithm Configuration.},
  author={Muja, Marius and Lowe, David G},
  booktitle={VISAPP (1)},
  pages={331--340},
  year={2009}
}