@inproceedings{octomap,
	address = {USA},
	author = {Wurm, K. M. and Hornung, A. and Bennewitz, M and Stachniss, C. and Burgard, W.},
	booktitle = {{Proc. of the ICRA 2010 Workshop on Best Practice in 3D Perception and Modeling for Mobile Manipulation}},
	howpublished = {[Online http://ais.informatik.uni-freiburg.de/publications/papers/wurm10octomap.pdf]},
	month = {May},
	title = {{OctoMap: A probabilistic, flexible, and compact 3D map representation for robotic systems.}},
	year = {2010}
}

@inproceedings{steinbrucker2011real,
  title={Real-time visual odometry from dense RGB-D images},
  author={Steinbrucker, F and Sturm, J{\"u}rgen and Cremers, Daniel},
  booktitle={Computer Vision Workshops (ICCV Workshops), 2011 IEEE International Conference on},
  pages={719--722},
  year={2011},
  organization={IEEE}
}
@article{quadrocopterslam,
	author = {Sturma, J and Bylowb, E and Kerla, C and Kahlb, F and Cremersa, D},
	title = {Dense tracking and mapping with a quadrocopter}
}

@inproceedings{fastvoxelmaps,
	author = {Ryde, Julian and Corso, Jason J},
	booktitle = {Intelligent Robots and Systems (IROS), 2012 IEEE/RSJ International Conference on},
	organization = {IEEE},
	pages = {4413--4418},
	title = {Fast voxel maps with counting bloom filters},
	year = {2012}
}

@inproceedings{nuchter:kdtree,
	author = {N\"{u}chter, A. and Lingemann, K. and Hertzberg, J.},
	booktitle = {Proceedings of the 6th IEEE international Conference on Recent Advances in 3D Digital Imaging and Modeling (3DIM '07)},
	month = {August},
	pages = {419-426},
	title = {Cached k-d tree search for ICP algorithms},
	year = {2007}
}

@inproceedings{whelan:odometry,
	author = {Whelan, Thomas and Johannsson, Hordur and Kaess, Michael and Leonard, John J. and McDonald, John},
	isbn = {978-1-4673-5641-1},
	issn = {1050-4729},
	month = {May},
	booktitle={Robotics and Automation (ICRA), 2013 IEEE International Conference on}, 
	title={Robust real-time visual odometry for dense RGB-D mapping},
	year = {2013},
	pages={5724-5731}, 
	keywords={SLAM (robots);cameras;distance measurement;image colour analysis;robot vision;GPU;Kintinuous algorithm;RGB-D camera pose tracking;SLAM pose-graph optimisation;advanced fused real-time surface coloring;dense RGB-D mapping;dense fully colored models;multiple 6DOF camera odometry estimation methods;robotics;robust real-time visual odometry;robust tracking;spatially extended KinectFusion;virtual reality applications;Cameras;Color;Graphics processing units;Image color analysis;Instruction sets;Iterative closest point algorithm;Visualization}, 
doi={10.1109/ICRA.2013.6631400}
}

@article{Endres,
	author = {Endres, Felix and others},
	journal = {Robotics and Automation (ICRA), 2012 IEEE International Conference on.},
	location = {https://www.google.com/url?sa=t\&rct=j\&q=\&esrc=s\&source=web\&cd=1\&cad=rja\&ved=0CDEQFjAA\&url=http\%3A\%2F\%2Fvision.in.tum.de\%2F\_media\%2Fspezial\%2Fbib\%2Fendres12icra.pdf\&ei=mAEmUtrkKbK5sQSy4oCgAw\&usg=AFQjCNEJgauHEKqNQbiPCgkcVbNY3TisjQ\&sig2=1R\_uZm-8lQLIun1xpEE4\_A},
	publisher = {IEEE},
	title = {{An Evaluation of the RGB-D SLAM System}},
	year = {2012}
}

@techreport{Taguchi,
	author = {Taguchi, Yuichi and Jian, Yong-Dian and Ramalingam, Srikumar and Feng, Chen},
	location = {http://www.cc.gatech.edu/~yjian6/publication/taguchi2013icra.pdf},
	organization = {Mitsubishi Electric Research Labs},
	school = {Georgia Institute of Technology, University of Michigan},
	title = {{Point-Plane SLAM for Hand-Held 3D Sensors}}
}

@ARTICLE{laine:svo, 
author={Laine, S. and Karras, T.}, 
journal={Visualization and Computer Graphics, IEEE Transactions on}, 
title={Efficient Sparse Voxel Octrees}, 
year={2011}, 
month={Aug}, 
volume={17}, 
number={8}, 
pages={1048-1059}, 
keywords={computational geometry;computer graphic equipment;coprocessors;filtering theory;image representation;octrees;ray tracing;GPU;compact data structure;feature-rich geometry;ray cast acceleration;ray tracing;shading attribute discrete sampling;smooth surface compact encoding;sparse voxel octrees;triangle-based representations;variable-radius postprocess filtering technique;voxel representations;Approximation methods;Arrays;Geometry;Graphics processing unit;Image color analysis;Octrees;Rendering (computer graphics);CUDA.;GPU;Voxel;octree;ray tracing;volumetric image representation}, 
doi={10.1109/TVCG.2010.240}, 
ISSN={1077-2626},}

@article{whelan2012kintinuous,
  title={Kintinuous: Spatially extended kinectfusion},
  author={Whelan, Thomas and Kaess, Michael and Fallon, Maurice and Johannsson, Hordur and Leonard, John and McDonald, John},
  year={2012}
}