@article{Yang:2005:AAF,
	author = {Yi-Jun Yang and Jun-Hai Yong and Jia-Guang Sun},
	journal = {Computers {\&} Graphics},
	month = aug,
	number = 4,
	pages = {606--615},
	title = {An algorithm for tetrahedral mesh generation based on conforming constrained Delaunay tetrahedralization},
	volume = 29,
	year = 2005
}

@inproceedings{Sifakis:2007:HSO,
	author = {Eftychios Sifakis and Tamar Shinar and Geoffrey Irving and Ronald Fedkiw},
	booktitle = {2007 ACM SIGGRAPH / Eurographics Symposium on Computer Animation},
	month = aug,
	pages = {81--90},
	title = {Hybrid Simulation of Deformable Solids},
	year = 2007
}

@article{Puppo:2009:RS,
	author = {E. Puppo and D. Panozzo},
	journal = {IEEE Transactions on Visualization and Computer Graphics},
	month = mar,
	number = 2,
	pages = {295--310},
	title = {RGB Subdivision},
	volume = 15,
	year = 2009
}

@inproceedings{planesegmentationQTB,
	author = {Lingni Ma and R. Favier and Luat Do and E. Bondarev and P.H.N. de With},
	booktitle = {Consumer Communications and Networking Conference (CCNC), 2013 IEEE},
	doi = {10.1109/CCNC.2013.6488423},
	keywords = {image enhancement; image reconstruction; trees (mathematics); 3D environment reconstruction; 3D models; efficiency 20 percent to 50 percent; flatness-based segmentation algorithm; large plane data processing; large-scale environment reconstruction; memory-efficient system; point cloud plane decimation; point cloud plane segmentation; professional engineering applications; quadtree-based algorithm; three-dimensional models; decimation; plane detection; point cloud; surface reconstruction; triangulation},
	month = {Jan},
	pages = {43--49},
	title = {Plane segmentation and decimation of point clouds for 3D environment reconstruction},
	year = {2013}
}

@inproceedings{marton:fastreconstruction,
	author = {Z.C. Marton and R.B. Rusu and M. Beetz},
	booktitle = {Robotics and Automation, 2009. ICRA '09. IEEE International Conference on},
	doi = {10.1109/ROBOT.2009.5152628},
	issn = {1050-4729},
	keywords = {Clouds; Computer graphics; Intelligent robots; Intelligent systems; Layout; Mobile robots; Navigation; Reconstruction algorithms; Robotics and automation; Surface reconstruction},
	month = {May},
	pages = {3218--3223},
	title = {On fast surface reconstruction methods for large and noisy point clouds},
	year = {2009}
}

@inproceedings{ProjectionBasedReconstruction,
	author = {M. Gopi and S. Krishnan},
	booktitle = {Proc. Computer Graphics and Image Processing},
	pages = {179--186},
	title = {A fast and efficient projection-based approach for surface reconstruction},
	year = {2002}
}
@article{bojsen2012tracking,
  title={Tracking surfaces with evolving topology.},
  author={Bojsen-Hansen, Morten and Li, Hao and Wojtan, Chris},
  journal={ACM Trans. Graph.},
  volume={31},
  number={4},
  pages={53},
  year={2012}
}

@inproceedings{newcombe2011kinectfusion,
  title={KinectFusion: Real-time dense surface mapping and tracking},
  author={Newcombe, Richard A and Davison, Andrew J and Izadi, Shahram and Kohli, Pushmeet and Hilliges, Otmar and Shotton, Jamie and Molyneaux, David and Hodges, Steve and Kim, David and Fitzgibbon, Andrew},
  booktitle={Mixed and augmented reality (ISMAR), 2011 10th IEEE international symposium on},
  pages={127--136},
  year={2011},
  organization={IEEE}
}

@inproceedings{ma2013planar,
  title={Planar simplification and texturing of dense point cloud maps},
  author={Ma, Lingni and Whelan, Thomas and Bondarev, Egor and de With, Peter HN and McDonald, John},
  booktitle={Mobile Robots (ECMR), 2013 European Conference on},
  pages={164--171},
  year={2013},
  organization={IEEE}
}

@article{hormann2003scattered,
  title={From scattered samples to smooth surfaces},
  author={Hormann, Kai},
  journal={Proc. of Geometric Modeling and Computer Graphics},
  year={2003}
}

@inproceedings{kazhdan2006poisson,
  title={Poisson surface reconstruction},
  author={Kazhdan, Michael and Bolitho, Matthew and Hoppe, Hugues},
  booktitle={Proceedings of the fourth Eurographics symposium on Geometry processing},
  year={2006}
}

@incollection{bolitho2009parallel,
  title={Parallel poisson surface reconstruction},
  author={Bolitho, Matthew and Kazhdan, Michael and Burns, Randal and Hoppe, Hugues},
  booktitle={Advances in Visual Computing},
  pages={678--689},
  year={2009},
  publisher={Springer}
}