@article{Guo:2008:MOR,
	author = {Yanwen Guo and Hanqiu Sun and Qunsheng Peng and Zhongding Jiang},
	journal = {IEEE Transactions on Visualization and Computer Graphics},
	month = mar,
	number = 2,
	pages = {426--439},
	title = {Mesh-Guided Optimized Retexturing for Image and Video},
	volume = 14,
	year = 2008
}

@inproceedings{Alexa:ExtractingEssence,
	author = {Marc Alexa},
	booktitle = {Eurographics Symposium on Computational Aesthetics in Graphics, Visualization and Imaging},
	month = jun,
	pages = {113--120},
	title = {Extracting the Essence from Sets of Images},
	year = 2007
}

@inproceedings{Oka:RealtimeManipulation,
	author = {Masaaki Oka and Kyoya Tsutsui and Akio Ohba and Yoshitaka Kurauchi and Takashi Tago},
	booktitle = {Computer Graphics (Proceedings of SIGGRAPH 87)},
	month = jul,
	pages = {181--188},
	title = {Real-Time Manipulation of Texture-Mapped Surfaces},
	year = 1987
}

@inproceedings{wang:optimaltexture,
	author = {Lifeng Wang and Sing Bing Kang and R. Szeliski and Heung-Yeung Shum},
	booktitle = {Computer Vision and Pattern Recognition, 2001. CVPR 2001. Proceedings of the 2001 IEEE Computer Society Conference on},
	doi = {10.1109/CVPR.2001.990496},
	issn = {1063-6919},
	keywords = {feature extraction; image reconstruction; image sampling; image texture; optimisation; rendering (computer graphics); 3D model recovery; 3D shape extraction; IBR; Lambertian surfaces; VDTM; anisotropy; computer vision techniques; foreshortened surface; image based rendering technique; linear combination; local weights; multiple reference images; multiple views; optimal texture construction; optimal texture map reconstruction; reference textures; sampling theory; spatial image sampling; texture projection; variable spatial image sampling; view-dependent texture mapping; Anisotropic magnetoresistance; Computer vision; Image analysis; Image reconstruction; Image sampling; Image texture analysis; Rendering (computer graphics); Shape; Surface reconstruction; Surface texture},
	pages = {I--347--I--354 vol.1},
	title = {Optimal texture map reconstruction from multiple views},
	volume = {1},
	year = {2001}
}

@mastersthesis{heckbert,
	address = {Berkeley, CA 94720},
	author = {Paul S. Heckbert},
	month = jun,
	school = {University of California},
	title = {Fundamentals of Texture Mapping and Image Warping},
	year = {1989}
}

@article{heckbert:pixarsurvey,
	author = {Paul S. Heckbert},
	journal = {IEEE Computer Graphics and Applications},
	month = nov,
	pages = {56-67},
	title = {Survey of Texture Mapping},
	year = 1986
}

