@article{Yang:2005:AAF,
	author = {Yi-Jun Yang and Jun-Hai Yong and Jia-Guang Sun},
	journal = {Computers {\&} Graphics},
	month = aug,
	number = 4,
	pages = {606--615},
	title = {An algorithm for tetrahedral mesh generation based on conforming constrained Delaunay tetrahedralization},
	volume = 29,
	year = 2005
}

@inproceedings{Sifakis:2007:HSO,
	author = {Eftychios Sifakis and Tamar Shinar and Geoffrey Irving and Ronald Fedkiw},
	booktitle = {2007 ACM SIGGRAPH / Eurographics Symposium on Computer Animation},
	month = aug,
	pages = {81--90},
	title = {Hybrid Simulation of Deformable Solids},
	year = 2007
}

@article{Puppo:2009:RS,
	author = {E. Puppo and D. Panozzo},
	journal = {IEEE Transactions on Visualization and Computer Graphics},
	month = mar # {\slash} # apr,
	number = 2,
	pages = {295--310},
	title = {RGB Subdivision},
	volume = 15,
	year = 2009
}

@inproceedings{6488423,
	author = {Lingni Ma and R. Favier and Luat Do and E. Bondarev and P.H.N. de With},
	booktitle = {Consumer Communications and Networking Conference (CCNC), 2013 IEEE},
	doi = {10.1109/CCNC.2013.6488423},
	keywords = {image enhancement; image reconstruction; trees (mathematics); 3D environment reconstruction; 3D models; efficiency 20 percent to 50 percent; flatness-based segmentation algorithm; large plane data processing; large-scale environment reconstruction; memory-efficient system; point cloud plane decimation; point cloud plane segmentation; professional engineering applications; quadtree-based algorithm; three-dimensional models; decimation; plane detection; point cloud; surface reconstruction; triangulation},
	month = {Jan},
	pages = {43--49},
	title = {Plane segmentation and decimation of point clouds for 3D environment reconstruction},
	year = {2013}
}

@inproceedings{5152628,
	author = {Z.C. Marton and R.B. Rusu and M. Beetz},
	booktitle = {Robotics and Automation, 2009. ICRA '09. IEEE International Conference on},
	doi = {10.1109/ROBOT.2009.5152628},
	issn = {1050-4729},
	keywords = {Clouds; Computer graphics; Intelligent robots; Intelligent systems; Layout; Mobile robots; Navigation; Reconstruction algorithms; Robotics and automation; Surface reconstruction},
	month = {May},
	pages = {3218--3223},
	title = {On fast surface reconstruction methods for large and noisy point clouds},
	year = {2009}
}

@inproceedings{ProjectionBasedReconstruction,
	author = {M. Gopi and S. Krishnan},
	booktitle = {Proc. Computer Graphics and Image Processing},
	pages = {179-186},
	title = {A fast and efficient projection-based approach for surface reconstruction},
	year = {2002}
}

